@online{Vite,
  author = {VoidZero Inc.},
  title = {{Vite}},
  year = 2019,
  url = {https://vite.dev/},
  urldate = {2025-01-23}
}

@online{React,
  author = {Meta Platforms, Inc},
  title = {{React}},
  year = 2024,
  url = {https://react.dev/},
  urldate = {2025-01-30}
}

@online{ReactIcons,
  author = {kamijin fanta},
  title = {{React Icons}},
  year = 2018,
  url = {https://react-icons.github.io/react-icons/},
  urldate = {2025-01-30}
}
@online{ReactRouter,
  author = {Shopify, Inc.},
  title = {{React Router DOM}},
  year = 2024,
  url = {https://reactrouter.com/},
  urldate = {2025-01-30}
}

@online{chakra,
  author = {Chakra Systems},
  title = {{Chakra UI}},
  year = 2025,
  url = {https://www.chakra-ui.com/},
  urldate = {2025-01-30}
}

@online{Vitest,
  author = {VoidZero Inc.},
  title = {{Vitest}},
  year = 2019,
  url = {https://vitest.dev/},
  urldate = {2025-01-23}
}

@online{PlotlyJS,
  author = {Plotly},
  title = {{PlotlyJS}},
  year = 2025,
  url = {https://plotly.com/javascript/},
  urldate = {2025-01-23}
}

@online{Docker,
  author = {Docker Inc.},
  title = {{Docker}},
  year = 2025,
  url = {https://www.docker.com/},
  urldate = {2025-01-23}
}